@InBook{KY76,
author={D. Knuth and A. Yao},
title={Algorithms and Complexity: New Directions and Recent Results},
chapter={The complexity of nonuniform random number generation},
publisher={Academic Press},
year={1976},

volume={},
series={},
address={},
edition={},
month={},
note={},
key={},
}

@Inbook{DBLP:books/daglib/0020348,
  author    = {Christel Baier and
               Joost{-}Pieter Katoen},
  title     = {Principles of model checking},
  chapter   = 10,
  pages     = {745-832},
  publisher = {{MIT} Press},
  year      = {2008},
  isbn      = {978-0-262-02649-9},
  timestamp = {Tue, 15 Feb 2011 11:22:37 +0100},
  biburl    = {http://dblp.uni-trier.de/rec/bib/books/daglib/0020348},
  bibsource = {dblp computer science bibliography, http://dblp.org},
}

@unpublished{Course1,
  author = {Mickael Randour},
  institution = {ULB},
  school = {ULB},
  title = {Formal verification of computer systems : Model Checking Probabilistic Systems}
}

@misc{Course2,
  author = {Arnaud Guyader},
  institution = {Université de Rennes},
  school = {Université de Rennes},
  howpublished = "\url{http://www.lsta.lab.upmc.fr/modules/resources/download/labsta/Pages/Guyader/IntroProba.pdf}",
  title = {Introduction aux Probabilités}
}

@unpublished{Course3,
  author = {Nicolas Gillis},
  institution = {UMons},
  school = {UMons},
  title = {Modèles aléatoires de recherche opérationnelle}
}