%% LaTeX2e file `KB76.bib'
%% generated by the `filecontents' environment
%% from source `rapport' on 2017/02/21.
%%
 @InBook{KY76,
  author={D. Knuth and A. Yao},
  title={Algorithms and Complexity: New Directions and Recent Results},
  chapter={The complexity of nonuniform random number generation},
  publisher={Academic Press},
  year={1976},

  volume={},
  series={},
  address={},
  edition={},
  month={},
  note={},
  key={}
 }

@book{DBLP:books/daglib/0020348,
  author    = {Christel Baier and
               Joost{-}Pieter Katoen},
  title     = {Principles of model checking},
  publisher = {{MIT} Press},
  year      = {2008},
  isbn      = {978-0-262-02649-9},
  timestamp = {Tue, 15 Feb 2011 11:22:37 +0100},
  biburl    = {http://dblp.uni-trier.de/rec/bib/books/daglib/0020348},
  bibsource = {dblp computer science bibliography, http://dblp.org}
}

