@book{DBLP:books/daglib/0020348,
  author    = {Christel Baier and
               Joost{-}Pieter Katoen},
  title     = {Principles of model checking},
  publisher = {{MIT} Press},
  year      = {2008},
  isbn      = {978-0-262-02649-9},
  timestamp = {Tue, 15 Feb 2011 11:22:37 +0100},
  biburl    = {http://dblp.uni-trier.de/rec/bib/books/daglib/0020348},
  bibsource = {dblp computer science bibliography, http://dblp.org}
}

